4004 5840
1276 710 2221 263 eius. Et etce motus magnus factus est in ma

1285 948 2207 181 ri ; ita ut nauicula operiretur fluctibus . Ipse

1290 1095 2236 165 uero dormiebat ; Et accesserunt ; et suscitaue

1290 1270 2153 136 runt eum dicentes ; Dn*e salua nos perimus ;

1281 1377 2138 180 Et dicit eis ; Quid timidi estis modicę fidei ?

1281 1513 2211 185 Tunc surgens imperauit uentis et mari ; et facta

1285 1674 2192 155 est tranquillitas magna ; Porro homines ; mira

1285 1824 2149 132 ti sunt dicentes ; Qualis est hic ; quia uenti et

1290 1956 2114 151 mare obediunt ei ; Et cum ꝑuenissent trans

1285 2112 2212 146 fretum inregionem gerasenorum ; occurrerunt

1285 2243 2090 151 ei duo habentes doemonia de monumentis

1290 2389 2212 141 exeuntes seui nimis ; ita ut nemo possit transire

1290 2525 2139 146 ꝑuiam illam ; Et ecce clamauerunt dicentes ;

1285 2657 2149 165 Quid nobis et tibi IH*U fili đi ; uenisti huc ante

1285 2798 2158 165 tempus torquere nos ? Erat autem non longe

1281 2929 2021 175 abillis grex porcorum multorum pascens ;

1261 3061 2134 189 Doemones autem rogabant eum dicentes ; Si

1281 3207 2216 185 eicis nos ; mitte nos in gregem porcorum ; Et ait

1271 3353 2099 170 illis ; Ite ; At illi exeuntes abierunt inporcos ;

1266 3503 2114 171 Et ecce impetu abiit totus grex ꝑ preceps in

1271 3625 2158 190 mare ; et mortui sunt inaquis ; Pastores autem

1271 3761 2221 190 fugierunt ; et uenientes in ciuitatem unciaue

1266 3932 2226 175 runt omnia ; et de his qui doemonia habuerant ;

1251 4044 2148 248 Et ecce tota ciuitas exiit obuiam IH*U. et uiso

1266 4209 1179 166 eo rogabant ut transiret

1266 4350 799 171 afinibus eorum
