3308 4389
369 479 1621 157 noscitur nonsolum sibi sed et futuri temporis xp*ianis

2111 471 230 180 F III

424 621 2199 143 iquidem inerant ei intenera et ate matura studia. et auditurus Incogni

358 749 2294 161 tu religiosis semb; indagator sollertissimus adherebat; Sumpu q. doc

362 885 2250 150 trinę semina tenaci memorię ruminanda.que post inpopulos mellito

358 1016 2236 143 declamaret gutture congerebat. Deniq. docibilis adolescens cumtrans

358 1133 2265 172 misso communiter stilosurgentis infantiae ad biuium phitagoricae

358 1276 2243 154 litterę per uenisset . Incunctanter sinistrum ramum cum saeculi

365 1389 2280 161 uoluptate relinquere. et dextrum coepit cum cęlesti desiderio totis

351 1517 680 169 uiribus anhelare

1716 1547 263 128 F IIII

424 1656 2159 161 ed dum conuersionis suę gratiam longius ꝓtrichens . Potius se xpm*

351 1817 2305 136 sicmulaturum putaret. sisubp*toris urbanĩ habitu mundo specieten

362 1920 2236 168 deseruiret; coeperunt multę contra eum eiusdem seculi cur suc

365 2070 2295 161 crescere; Ita ut noniam sicut proposuerat specie . sed in eo retine

376 2190 659 147 retur et mente .

1566 2172 150 179 F V

409 2304 2258 146 patre defuncto / ubi liberam disponendarum rerum suarum nac

358 2424 2207 169 tusẽ facultatem ; sex monasteria Insicilia fabricans sufficientibus

362 2563 2309 143 frb; cumulauit. Quib; tacitum praediorum contulit . quantum pos

365 2688 2277 183 set ad uictum cottidianum dõ illic militantium sine indigen

358 2845 593 154 tia suffragari

1452 2860 326 146 F VI

475 2980 2181 143 eptimum Intro romanę urbis moenia. subhonore sci andree apl*i

406 3108 2225 150 iuxta basilicam scõrum iohannis et pauli . addiuum scauri. monas

369 3214 2273 158 terium inproprio domate fabricauit . Inquo relictis sericis. auro

384 3339 2287 179 gemmisci.radiantib: togis.simulq.supellectilibus reliquis inusum

384 3470 2228 176 pauperum prerogatis ex huius mundi naufragio nudus euasit.

3062 153 52 117 4

2960 877 150 275 III

2920 2304 179 142 IIII
