3420 4557
387 615 2060 174 Quia si cognouisset et tu : Et quidem in hac die tua : quę

376 767 2090 159 adpacem tibi : nunc autẽ abscondita sunt ab oculis tuis :

387 926 2105 163 Quia uenient dies int : et circumdabunt te inimici tui

376 1082 2010 167 uallo et circumdabunt et coangustabunt te undiq;

383 1253 2068 133 Etadterram ꝓsternent te : et filios tuos qui inte sunt :

380 1393 1995 141 Etnon relinquent inte lapidem super lapidem : eo

372 1541 2056 156 quod non cognoueris tempus uisitationis tuae : Et in

376 1693 2006 152 gressus intemplum : coepit eicere uendentes inillo et

380 1845 2033 156 ementes : dicens illis : Scriptum ẽ : quia domus mea : do

387 1989 2102 164 mus orationis est : uos autẽ : fecistis illã speluncã latronũ

372 2156 1284 156 Et erat docens cottidie intemplo

1672 2160 782 156 FRÃ.III.SC*D LOH*.,.

391 2305 1984 155 N I L L O T E M P* : Cum introisset ih*s intemplum

395 2453 2018 171 coepit eicere uendentes et ementes intemplo : et mensas

383 2612 2007 156 nummulariorum : et cathedras uendentium columbas

376 2764 1983 156 euertit : Et non sinebat utquisquam transferret uas

383 2920 2018 144 per templum : et docebat dicens eis : Nonne scriptũ est

372 3064 2006 163 quia domus mea : domus orationis uocabitur omnibus

376 3212 1968 152 gentibus ? Uos autẽ : fecistis eam speluncã latronum :

372 3364 2098 160 Quo audito : principes sacerdotum et scribae quaerebaN

376 3493 2021 190 quomodo eum perderent : Timebant enim eum : quõ

3150 144 87 144 4.
