2439 3219
241 142 1291 102 putant. ubi de magna uirtute bonorum atq:

244 225 1280 121 gla memores que s quis: faciliafacto putat

230 324 1280 102 equo animo accipit . supra eam memores ue

236 402 1304 113 luti ficta pfalsis ducit . ego adolescentalis

236 506 1309 102 initio sicuti pleriq; studio ad empabacan

233 579 1586 123 latus sum. ibiq: multa aduersa in fuere. Nam ꝓpudore

228 670 1607 126 pro abstinentia ꝓuirtute audacia. largitio. auaricia uige

230 764 1586 110 bant. Quę tametsianimus aspꝑnabatur. insolens artium

238 850 1589 110 malarum . tamen inter tanta uicia etas inbecilla am

241 928 1562 118 bitione corrupta tenebatur ac me cum abreliquoꝝ

236 1022 1628 115 malis artib; ꝛ morib; dissentirem nihilomin honoris

233 1118 1562 126 cupido eadem que ceteros fama atq; inuidia aexa

241 1207 1567 126 bat. Ig* ubi nimus ex multis miseriis atq; periculu

238 1301 1573 126 requieuit. et ubi in reliquam etatem a re. p pcui ha

230 1384 1551 126 bendam decreui. non fuit consilium socoruia atq:

230 1483 1594 123 desidia bonum ocium conterere. Heq; ũ agrum colen

230 1574 1548 107 do au uenando seruilib; officiis intentum etatem

238 1663 1575 126 agere. s; a q* incepto studioq; me mala ambitio det

238 1754 1581 126 nuerat. eodem regressus. statui res gestas populi

233 1853 1615 121 romani carptun ut quęq; memoria digna uide

233 1944 1564 121 bantur ꝑscribere . eo magis q*dem aspe ꝛ metu par

246 2041 1570 107 tib: rei publicę animus liber erat . Igitur de ca

244 2121 1650 126 tilinę coniuratione quam uerissime potero paucis

236 2215 1628 118 absoluam. Nam id facinus inprimis ego memorabi

233 2293 1626 123 bile estimo sceleris atq; periculi nouitate . De cuius

241 2392 1580 116 hominis morib; pauca explananda sunt quam in

233 2475 1414 137 itium narrandi faciam . Explicit ꝓlogus
