3904 5424
759 293 2945 267 atq; ex ipsa diuersis inorbis partib; nitorem quendã prudentiores

787 429 2954 258 quiq; capientes legislatores ul* filosophi modesta queq; etuerecundi

773 601 3013 257 ora precepta atq; honestatis etiustite conscia. auditorib; suis paula

750 741 3040 266 tim tradere atq; Insinuare coepert* . Etagrestasac feros hominũ

741 913 3004 244 mores . addecora atq; honesta instituta reuocare . Tunc amicitiis

719 1066 3080 258 coire Interse uiros. et concordie subire federado cuest*. Tunc iuuare

723 1206 3031 281 se Inuicẽ homines etusum rerũ discunt habere cõ munẽ. donec in sti

710 1396 3022 249 tuti prudentioris docilis humana mens et sociae tatis inuicẽ patiens

705 1545 2995 249 redderetur . Uthuiusscemodi consuaetudinis ꝓlusione p*missa.

692 1717 3026 253 apti iam etparati etiam ad diuina fierent instituta patrisq; omniũ

710 1884 3008 285 dĩ scientie capaces existerent Inquo ipse iterũ uirtutum

705 2079 3063 244 magister ipse sermo acratio etuerbum ac sapiendiađi. ipse qui inini

696 2237 2977 258 tio cum patre creauerat hominẽ , Ipse inquam humane quoq;

692 2377 3049 267 nature adsumpta substantię etspecie forme seruilis indu* innul

692 2517 3044 280 lo penit* ab eo qđ nossum* differentes temp*s quo romani imperii

687 2693 3036 258 regnũ . Nobilius latiusq; consurgere ipse prestiterat . Ingressis

692 2815 2940 281 hunc mundũ cõmuni quidẽ nob* cũ nascendi aditu ; Sed nullo

683 3001 2917 266 auctore pate facto ea egit etꝑtulit ; quę de eo futura ꝓphete

696 3159 2990 258 predixerant. Uirietenim diuinit* inspirati . hominẽ quisimul

683 3313 2917 253 etiam et ds* aduentare huic mundo et doctorẽ omnium gentium

687 3475 3004 267 paterne piaetatis ac religionis futurũ sacro scĩs oraculis cetinest;

588 3620 3089 285 Sedet mortis modũ quo dehacuita disce deret ? utque rursũ in usi

678 3805 2990 240 tato more aduenientes repedaret amortuis . Et p* hoc caelum ad

687 3968 2995 262 iret unde descenderat atq; indm* rediret '? Dequib; quamuis ae

687 4131 2954 248 uidenter quam plurimi significauerint ꝓphetarũ. tam* unius

674 4465 2890 271 adhibeam . Dicatergo deeo itauidebã etcet* sedes posita erant
