<?xml version="1.0" encoding="UTF-8"?>
<alto xmlns:xsi="http://www.w3.org/2001/XMLSchema-instance"
      xmlns="http://www.loc.gov/standards/alto/ns-v4#"
      xsi:schemaLocation="http://www.loc.gov/standards/alto/ns-v4# http://www.loc.gov/standards/alto/v4/alto-4-2.xsd">
  <Description>
    <MeasurementUnit>pixel</MeasurementUnit>
    <sourceImageInformation>
      <fileName>bsb00104168.0011.jpeg</fileName>
      
    </sourceImageInformation>
  </Description>
  
  <Tags>
    <OtherTag ID="BT2" LABEL="MainZone" DESCRIPTION="block type MainZone"/><OtherTag ID="BT1468" LABEL="MarginTextZone" DESCRIPTION="block type MarginTextZone"/><OtherTag ID="BT1469" LABEL="DropCapitalZone" DESCRIPTION="block type DropCapitalZone"/><OtherTag ID="BT1470" LABEL="NumberingZone" DESCRIPTION="block type NumberingZone"/>
    <OtherTag ID="LT501" LABEL="DefaultLine" DESCRIPTION="line type DefaultLine"/><OtherTag ID="LT502" LABEL="HeadingLine" DESCRIPTION="line type HeadingLine"/>
  </Tags>
  
  <Layout>
    <Page WIDTH="2832"
          HEIGHT="3902"
          PHYSICAL_IMG_NR="0"
          ID="eSc_dummypage_">
      <PrintSpace HPOS="0"
                  VPOS="0"
                  WIDTH="2832"
                  HEIGHT="3902">
        
        <TextBlock HPOS="247"
                   VPOS="351"
                   WIDTH="1986"
                   HEIGHT="2988"
                   ID="eSc_textblock_3bf1de96"
                   TAGREFS="BT2">
          <Shape><Polygon POINTS="2207 364 2233 3066 2193 3300 869 3339 247 3300 247 351"/></Shape>
          
          
          <TextLine ID="eSc_line_d2416486"
                    TAGREFS="LT501"
                    BASELINE="240 422 2180 429" 
                    HPOS="234"
                    VPOS="331"
                    WIDTH="1946"
                    HEIGHT="137">
            <Shape><Polygon POINTS="240 422 240 338 384 351 475 338 514 331 514 331 517 331 517 331 517 331 520 331 520 331 533 338 563 351 595 338 608 331 608 331 611 331 611 331 615 331 615 331 680 338 813 351 885 338 921 331 921 331 921 331 924 331 924 331 927 331 927 331 927 331 930 331 930 331 937 338 953 354 1067 354 1096 338 1113 331 1113 331 1116 331 1116 331 1116 331 1119 331 1119 331 1178 338 1263 347 1481 338 1588 334 1591 334 1591 334 1595 334 1595 334 1595 334 1598 334 1601 338 1630 354 2174 341 2180 429 2177 468 1871 468 1868 464 1868 464 1865 464 1865 464 1865 464 1861 464 1861 464 1861 464 1842 448 1793 464 1787 464 1783 464 1783 464 1783 464 1780 464 1780 464 1777 464 1777 464 1777 464 1774 464 1744 448 1643 461 1621 464 1621 464 1617 464 1617 464 1617 464 1614 464 1614 464 1611 464 1611 464 1611 461 1588 448 1373 461 1289 464 1285 464 1285 464 1282 464 1263 461 1201 445 1002 458 940 461 937 461 234 451"/></Shape>
	    <String CONTENT="opus est multum loqui in oratione ; sed extendere man*"
                    HPOS="234"
                    VPOS="331"
                    WIDTH="1946"
                    HEIGHT="137"></String>
          </TextLine>

          
          
          <TextLine ID="eSc_line_83ba810e"
                    TAGREFS="LT501"
                    BASELINE="240 533 2184 526" 
                    HPOS="234"
                    VPOS="438"
                    WIDTH="1950"
                    HEIGHT="137">
            <Shape><Polygon POINTS="240 533 234 458 345 442 345 442 348 442 348 442 351 442 351 442 390 458 406 464 722 464 735 458 764 445 764 445 768 445 768 445 768 445 771 445 771 445 774 445 774 445 774 445 777 445 794 458 804 464 957 464 966 458 992 442 996 442 996 442 999 442 999 442 999 442 1002 442 1002 442 1113 458 1139 461 1149 458 1201 438 1201 438 1204 438 1204 438 1204 438 1207 438 1207 438 1328 455 1565 438 1568 438 1568 438 1568 438 1572 438 1572 438 1575 438 1575 438 1591 451 1604 442 1604 442 1608 442 1608 442 1608 442 1611 442 1611 442 1611 442 1614 442 1614 442 1617 442 1617 442 1617 442 1621 442 1621 442 1621 445 1637 458 1637 461 1787 461 1790 458 1822 438 1826 438 1826 438 1829 438 1829 438 1829 438 1832 438 1832 438 1953 458 2044 438 2044 438 2044 438 2047 438 2047 438 2177 461 2184 526 2177 559 1692 552 1611 565 1582 569 1582 569 1578 569 1578 569 1536 565 1396 552 1370 569 1370 569 1367 569 1367 569 1363 569 1363 569 1363 569 1360 569 1360 569 1357 569 1350 569 1295 552 1214 569 1191 572 1191 572 1191 572 1188 572 1136 569 944 556 927 569 927 572 927 572 927 572 924 572 924 572 924 572 921 572 921 572 921 575 651 575 647 572 647 572 647 572 572 556 507 572 504 572 504 572 501 572 501 572 501 572 419 556 403 569 403 572 403 572 400 572 400 572 400 572 397 572 397 572 397 572 240 575"/></Shape>
	    <String CONTENT="frequenter ; et dicere ; dnẽ sicut zusM et sicut scis ; miserere"
                    HPOS="234"
                    VPOS="438"
                    WIDTH="1950"
                    HEIGHT="137"></String>
          </TextLine>

          
          
          <TextLine ID="eSc_line_b3e42bfa"
                    TAGREFS="LT501"
                    BASELINE="237 634 2220 640" 
                    HPOS="231"
                    VPOS="546"
                    WIDTH="1989"
                    HEIGHT="133">
            <Shape><Polygon POINTS="237 634 234 565 485 546 488 546 488 546 488 546 491 546 491 546 491 546 494 546 494 546 511 562 517 569 683 569 699 559 738 546 738 546 742 546 742 546 745 546 745 546 745 546 748 546 748 546 748 546 751 546 751 546 751 549 764 559 771 569 1015 569 1031 556 1048 546 1051 546 1051 546 1051 546 1054 546 1054 546 1054 546 1057 546 1057 546 1061 546 1103 556 1139 565 1178 556 1220 546 1223 546 1223 546 1227 546 1227 546 1230 546 1230 546 1230 546 1233 546 1246 556 1263 565 1276 556 1285 549 1289 549 1289 549 1292 549 1292 549 1292 549 1295 549 1396 556 1582 565 1793 552 1839 549 1842 549 1842 549 1842 549 1845 549 1852 549 1910 569 1949 549 1953 549 1953 549 1953 549 1956 549 1956 549 1959 549 1959 549 1959 549 1969 549 2050 569 2093 549 2093 549 2093 549 2093 549 2096 549 2096 549 2099 549 2220 549 2220 640 2213 660 2027 660 2018 663 1979 679 1979 679 1975 679 1975 679 1972 679 1972 679 1972 679 1897 663 1858 656 1650 656 1634 666 1614 679 1611 679 1611 679 1611 679 1608 679 1608 679 1604 679 1604 679 1604 679 1601 679 1601 679 1568 666 1542 656 1289 656 1263 666 1243 676 1243 676 1240 676 1240 676 1240 676 1236 676 1236 676 1236 676 1197 669 1158 660 1142 669 1126 676 1126 676 1126 676 1123 676 1123 676 1123 676 1119 676 1119 676 1116 676 1116 676 1116 676 1113 676 1113 676 1113 673 1106 669 1093 656 1025 669 979 676 979 676 979 679 976 676 976 676 934 669 859 656 787 669 758 676 758 676 755 676 231 673"/></Shape>
	    <String CONTENT="mei ; Hinc beatus benedictus ait . Non in multiloquio ; sed"
                    HPOS="231"
                    VPOS="546"
                    WIDTH="1989"
                    HEIGHT="133"></String>
          </TextLine>

          
          
          <TextLine ID="eSc_line_225ded62"
                    TAGREFS="LT501"
                    BASELINE="237 747 2174 734" 
                    HPOS="234"
                    VPOS="650"
                    WIDTH="1940"
                    HEIGHT="133">
            <Shape><Polygon POINTS="237 747 234 676 494 676 498 673 530 656 530 656 530 656 533 656 533 656 537 656 537 656 631 669 657 673 670 669 709 653 709 653 712 653 712 653 712 653 716 653 716 653 804 666 820 669 826 666 852 653 852 653 852 653 856 653 856 653 859 653 1009 653 1009 653 1009 653 1012 653 1012 653 1012 653 1015 653 1015 653 1028 666 1038 669 1129 663 1334 650 1337 650 2167 653 2174 734 2167 764 1204 757 953 777 947 777 944 777 944 777 944 777 940 777 856 760 839 773 839 777 839 777 836 777 836 777 836 777 833 777 833 777 833 777 237 783"/></Shape>
	    <String CONTENT="in puritate cordis ; et conpunctione lacrimarũ ; nos exau"
                    HPOS="234"
                    VPOS="650"
                    WIDTH="1940"
                    HEIGHT="133"></String>
          </TextLine>

          
          
          <TextLine ID="eSc_line_c6e18328"
                    TAGREFS="LT501"
                    BASELINE="234 858 2154 848" 
                    HPOS="224"
                    VPOS="764"
                    WIDTH="1930"
                    HEIGHT="117">
            <Shape><Polygon POINTS="234 858 224 773 2145 764 2154 848 2148 881 231 877"/></Shape>
	    <String CONTENT="diri sciamus ; et ideo breuis debet esse et pura oratio ; nisi"
                    HPOS="224"
                    VPOS="764"
                    WIDTH="1930"
                    HEIGHT="117"></String>
          </TextLine>

          
          
          <TextLine ID="eSc_line_49a9ca47"
                    TAGREFS="LT501"
                    BASELINE="234 965 2154 946" 
                    HPOS="221"
                    VPOS="861"
                    WIDTH="1933"
                    HEIGHT="140">
            <Shape><Polygon POINTS="234 965 221 900 247 881 247 881 250 881 250 881 253 881 253 881 253 881 257 881 257 881 348 894 377 874 380 874 380 874 380 874 384 874 384 874 387 874 387 874 527 894 572 874 572 874 576 874 576 874 576 874 579 874 823 890 833 890 836 890 895 868 895 868 898 868 898 868 898 868 901 868 901 868 904 868 904 868 904 868 947 890 966 890 1142 890 1149 887 1197 864 1197 864 1201 864 1201 864 1201 864 1204 864 1204 864 1318 884 1331 884 1350 884 1516 861 1516 861 1520 861 2148 871 2154 946 2154 965 2060 988 2060 988 2060 988 2057 988 1848 972 1835 972 1816 972 1510 995 1507 995 1507 995 1321 978 1295 978 1259 982 1116 995 1116 995 1113 995 1113 995 1035 985 1015 982 1009 985 996 998 996 998 992 998 992 998 992 998 989 998 989 998 989 998 986 998 986 998 986 998 927 985 908 982 901 985 878 1001 875 1001 875 1001 875 1001 872 1001 872 1001 869 1001 869 1001 869 1001 865 1001 865 1001 862 1001 839 988 836 985 826 988 774 1001 771 1001 771 1001 768 1001 231 995"/></Shape>
	    <String CONTENT="forte ex affectu inspirationis diuinę gr*ę ꝓtendatur . In ẽ"
                    HPOS="221"
                    VPOS="861"
                    WIDTH="1933"
                    HEIGHT="140"></String>
          </TextLine>

          
          
          <TextLine ID="eSc_line_17a8309e"
                    TAGREFS="LT501"
                    BASELINE="234 1076 1514 1061" 
                    HPOS="224"
                    VPOS="991"
                    WIDTH="1292"
                    HEIGHT="117">
            <Shape><Polygon POINTS="231 1073 224 1011 335 991 335 991 338 991 1507 991 1513 1060 1516 1079 1442 1099 1438 1099 1438 1099 1435 1099 1230 1082 1214 1082 1214 1082 1194 1099 1194 1102 1194 1102 1191 1102 1191 1102 1191 1102 1188 1102 1188 1102 1184 1102 1184 1102 1070 1089 869 1105 865 1105 501 1092 472 1108 468 1108 468 1108 465 1108 465 1108 465 1108 462 1108 227 1089"/></Shape>
	    <String CONTENT="uentu tamen ; omnino breuiet* oratio ."
                    HPOS="224"
                    VPOS="991"
                    WIDTH="1292"
                    HEIGHT="117"></String>
          </TextLine>

          
          
          <TextLine ID="eSc_line_c42683c0"
                    TAGREFS="LT502"
                    BASELINE="1562 1060 2170 1059" 
                    HPOS="1555"
                    VPOS="968"
                    WIDTH="612"
                    HEIGHT="127">
            <Shape><Polygon POINTS="1559 1056 1555 982 1914 968 1917 968 2167 988 2167 1056 2164 1089 1839 1079 1757 1095 1744 1095 1744 1095 1744 1095 1741 1095 1741 1095 1725 1095 1614 1079 1562 1095"/></Shape>
	    <String CONTENT="DE DISCIPLINA"
                    HPOS="1555"
                    VPOS="968"
                    WIDTH="612"
                    HEIGHT="127"></String>
          </TextLine>

          
          
          <TextLine ID="eSc_line_70b203be"
                    TAGREFS="LT501"
                    BASELINE="332 1186 1722 1159 1818 1159" 
                    HPOS="325"
                    VPOS="1063"
                    WIDTH="1491"
                    HEIGHT="162">
            <Shape><Polygon POINTS="328 1183 325 1108 618 1108 638 1099 654 1089 657 1089 657 1089 660 1089 660 1089 660 1089 664 1089 664 1089 725 1099 784 1105 800 1095 820 1082 823 1082 823 1082 823 1082 826 1082 826 1082 830 1082 830 1082 927 1092 1018 1102 1103 1089 1197 1073 1197 1073 1197 1073 1201 1073 1201 1073 1276 1086 1308 1089 1318 1082 1331 1073 1331 1073 1334 1073 1334 1073 1337 1073 1337 1073 1337 1073 1549 1069 1552 1069 1552 1069 1614 1076 1715 1089 1735 1073 1744 1066 1744 1063 1744 1063 1748 1063 1748 1063 1751 1063 1751 1063 1751 1063 1754 1063 1754 1063 1813 1073 1816 1157 1813 1199 1028 1199 973 1216 970 1216 966 1216 966 1216 966 1216 963 1216 944 1216 699 1206 680 1222 680 1222 680 1222 677 1222 677 1222 677 1222 673 1222 673 1222 670 1222 670 1222 651 1222 530 1209 328 1225"/></Shape>
	    <String CONTENT="portet enĩ nisibus totis oboedire illi . qui nos"
                    HPOS="325"
                    VPOS="1063"
                    WIDTH="1491"
                    HEIGHT="162"></String>
          </TextLine>

          
          
          <TextLine ID="eSc_line_c33899d0"
                    TAGREFS="LT502"
                    BASELINE="1857 1159 2284 1160" 
                    HPOS="1852"
                    VPOS="1069"
                    WIDTH="429"
                    HEIGHT="121">
            <Shape><Polygon POINTS="1855 1157 1855 1069 2281 1082 2281 1157 2278 1190 1852 1186"/></Shape>
	    <String CONTENT="PSALLENDI."
                    HPOS="1852"
                    VPOS="1069"
                    WIDTH="429"
                    HEIGHT="121"></String>
          </TextLine>

          
          
          <TextLine ID="eSc_line_203c0ab6"
                    TAGREFS="LT501"
                    BASELINE="250 1307 1429 1268 2184 1268" 
                    HPOS="240"
                    VPOS="1160"
                    WIDTH="1944"
                    HEIGHT="176">
            <Shape><Polygon POINTS="250 1307 240 1209 289 1199 289 1199 292 1199 292 1199 292 1199 296 1199 296 1199 296 1199 312 1206 335 1219 358 1206 380 1196 380 1196 384 1196 384 1196 384 1196 524 1193 527 1193 527 1193 530 1193 530 1193 530 1193 533 1193 546 1203 566 1216 647 1203 690 1196 690 1196 693 1196 693 1196 693 1196 725 1203 784 1212 797 1199 810 1190 810 1186 810 1186 813 1186 813 1186 813 1186 817 1186 817 1186 817 1186 820 1186 820 1186 823 1186 823 1186 823 1186 826 1186 846 1199 859 1209 921 1199 992 1186 992 1186 996 1186 996 1186 996 1186 999 1186 1038 1196 1070 1206 1110 1196 1165 1180 1168 1180 1168 1180 1171 1180 1171 1180 1292 1193 1347 1199 1376 1193 1448 1173 1451 1173 1451 1173 1455 1173 1455 1173 1578 1190 1588 1190 1588 1190 1624 1167 1627 1167 1627 1167 1627 1167 1630 1167 1630 1167 1634 1167 1634 1167 1634 1167 1748 1186 1764 1190 1783 1186 1904 1160 1904 1160 1904 1160 1907 1160 1907 1160 1907 1160 1910 1160 1910 1160 1966 1183 1966 1183 2177 1183 2184 1268 2180 1284 1634 1284 1432 1303 1357 1310 1354 1310 1354 1310 1354 1310 1331 1307 1269 1294 1119 1313 1080 1316 1080 1316 1077 1316 1077 1316 1077 1316 1074 1316 1074 1316 1070 1316 1067 1313 1044 1300 875 1320 862 1320 862 1320 859 1320 849 1320 693 1307 540 1329 527 1329 527 1329 524 1329 524 1329 517 1329 397 1313 250 1336"/></Shape>
	    <String CONTENT="ꝑ ꝓphetam ammonet dicens . Psallite sapient* . iđ ut non quęra"
                    HPOS="240"
                    VPOS="1160"
                    WIDTH="1944"
                    HEIGHT="176"></String>
          </TextLine>

          
          
          <TextLine ID="eSc_line_27ac9ecd"
                    TAGREFS="LT501"
                    BASELINE="234 1394 2154 1362" 
                    HPOS="224"
                    VPOS="1274"
                    WIDTH="1930"
                    HEIGHT="156">
            <Shape><Polygon POINTS="234 1394 224 1316 602 1297 605 1297 605 1297 725 1307 787 1313 810 1307 849 1294 852 1294 852 1294 852 1294 856 1294 856 1294 859 1294 859 1294 895 1307 908 1310 927 1307 986 1290 989 1290 989 1290 992 1290 1223 1300 1289 1303 1292 1300 1305 1290 1305 1287 1305 1287 1308 1287 1308 1287 1308 1287 1311 1287 1311 1287 1315 1287 1315 1287 1315 1287 1318 1287 1318 1287 1347 1300 1357 1303 1360 1300 1380 1284 1380 1284 1383 1284 1383 1284 1383 1284 1386 1284 1386 1284 1386 1284 1389 1284 1389 1284 1477 1297 1497 1300 1507 1297 1555 1281 1555 1281 1559 1281 1559 1281 1562 1281 1562 1281 1712 1294 1744 1297 1748 1294 1764 1281 1764 1277 1764 1277 1767 1277 1767 1277 1767 1277 1770 1277 1770 1277 1774 1277 1774 1277 1888 1294 1904 1294 1907 1294 1936 1274 1940 1274 1940 1274 1943 1274 1943 1274 1943 1274 1946 1274 2148 1290 2154 1362 2151 1398 1194 1398 1145 1407 1083 1417 1083 1417 1083 1417 1080 1417 1080 1417 1080 1417 1031 1407 1005 1401 992 1407 966 1420 966 1420 966 1420 963 1420 963 1420 963 1420 960 1420 804 1407 777 1407 771 1407 732 1424 732 1424 729 1424 729 1424 725 1424 436 1414 384 1430 380 1430 380 1430 380 1430 377 1430 377 1430 231 1411"/></Shape>
	    <String CONTENT="mus sonum auris . sed lumen cordis . et ꝙ lingua cantamus"
                    HPOS="224"
                    VPOS="1274"
                    WIDTH="1930"
                    HEIGHT="156"></String>
          </TextLine>

          
          
          <TextLine ID="eSc_line_a6bf7271"
                    TAGREFS="LT501"
                    BASELINE="234 1495 2197 1450" 
                    HPOS="227"
                    VPOS="1375"
                    WIDTH="1970"
                    HEIGHT="156">
            <Shape><Polygon POINTS="234 1495 227 1417 895 1414 966 1404 1077 1391 1077 1391 1080 1391 1080 1391 1158 1401 1197 1404 1217 1398 1256 1388 1259 1388 1259 1388 1259 1388 1263 1388 1263 1388 1266 1388 1305 1398 1324 1401 1347 1398 1409 1385 1409 1385 1409 1385 1412 1385 1412 1385 1468 1394 1487 1398 1546 1394 1770 1375 1774 1375 2190 1385 2197 1450 2190 1486 1920 1479 1904 1492 1897 1499 1897 1499 1894 1499 1894 1499 1894 1499 1891 1499 1891 1499 1891 1499 1764 1502 1761 1502 1761 1502 1718 1495 1673 1486 1656 1495 1640 1505 1637 1505 1637 1505 1634 1505 1634 1505 1634 1505 1630 1505 1497 1499 1393 1492 1373 1499 1344 1512 1344 1512 1341 1512 1341 1512 1341 1512 1337 1512 1197 1502 1175 1502 1142 1502 878 1521 875 1521 875 1521 875 1521 810 1508 791 1505 735 1508 491 1531 491 1531 488 1531 231 1515"/></Shape>
	    <String CONTENT="opere compleam*. Cantat sapienter . qui ꝙ psallit int"
                    HPOS="227"
                    VPOS="1375"
                    WIDTH="1970"
                    HEIGHT="156"></String>
          </TextLine>

          
          
          <TextLine ID="eSc_line_d630b332"
                    TAGREFS="LT501"
                    BASELINE="224 1603 869 1596 1617 1567 2164 1567" 
                    HPOS="214"
                    VPOS="1479"
                    WIDTH="1950"
                    HEIGHT="146">
            <Shape><Polygon POINTS="224 1603 214 1518 2158 1479 2164 1567 2164 1580 2109 1606 2109 1606 2106 1606 2106 1606 2106 1606 2102 1606 2102 1606 1982 1586 1930 1609 1930 1609 1927 1609 1927 1609 1927 1609 1923 1609 1923 1609 1809 1590 1809 1590 1809 1590 1582 1612 1582 1612 1578 1612 1435 1599 1331 1622 1331 1622 1331 1625 224 1625"/></Shape>
	    <String CONTENT="Nemo enim sapienter agit. qui ꝙ operatur n* intellegit"
                    HPOS="214"
                    VPOS="1479"
                    WIDTH="1950"
                    HEIGHT="146"></String>
          </TextLine>

          
          
          <TextLine ID="eSc_line_e7c69df3"
                    TAGREFS="LT501"
                    BASELINE="234 1703 2190 1661" 
                    HPOS="231"
                    VPOS="1577"
                    WIDTH="1959"
                    HEIGHT="149">
            <Shape><Polygon POINTS="234 1703 231 1622 670 1629 696 1616 709 1606 712 1606 712 1606 712 1606 716 1606 716 1606 719 1606 719 1606 719 1606 761 1616 813 1625 856 1612 891 1603 895 1603 895 1603 895 1603 898 1603 898 1603 901 1603 940 1612 983 1622 1048 1612 1139 1596 1139 1596 1142 1596 1142 1596 1230 1609 1279 1616 1321 1609 1393 1593 1393 1593 1393 1593 1396 1593 1598 1606 1634 1606 1637 1606 1653 1590 1653 1586 1653 1586 1656 1586 1656 1586 1656 1586 1660 1586 1660 1586 1660 1586 1738 1583 1741 1583 1741 1583 1741 1583 1744 1583 1803 1603 1809 1603 1816 1603 1930 1580 1930 1580 1930 1580 1933 1580 1933 1580 1936 1580 2011 1599 2037 1580 2037 1577 2037 1577 2040 1577 2040 1577 2044 1577 2044 1577 2044 1577 2047 1577 2047 1577 2184 1599 2190 1661 2187 1681 1894 1684 1888 1687 1852 1707 1852 1707 1852 1707 1848 1707 1848 1707 1848 1707 1845 1707 1845 1707 1754 1694 1731 1710 1728 1710 1728 1710 1728 1710 1725 1710 1725 1710 1725 1710 1721 1710 1510 1697 1487 1697 1484 1697 1438 1716 1438 1716 1435 1716 1435 1716 1435 1716 1432 1716 1077 1707 1044 1707 1041 1707 989 1726 989 1726 986 1726 986 1726 983 1726 231 1723"/></Shape>
	    <String CONTENT="enĩ est in omnib. cibis gustus quo noscit* cuius saporis sit. hoc"
                    HPOS="231"
                    VPOS="1577"
                    WIDTH="1959"
                    HEIGHT="149"></String>
          </TextLine>

          
          
          <TextLine ID="eSc_line_76d2b51b"
                    TAGREFS="LT501"
                    BASELINE="234 1811 2128 1772" 
                    HPOS="221"
                    VPOS="1690"
                    WIDTH="1911"
                    HEIGHT="166">
            <Shape><Polygon POINTS="234 1811 221 1749 250 1729 253 1729 253 1729 253 1729 257 1729 257 1729 260 1729 537 1739 537 1739 537 1739 563 1716 563 1713 563 1713 566 1713 566 1713 566 1713 569 1713 569 1713 572 1713 572 1713 719 1726 787 1710 791 1710 791 1710 794 1710 794 1710 794 1710 797 1710 797 1710 852 1733 859 1733 1158 1726 1162 1723 1184 1703 1184 1703 1188 1703 1188 1703 1188 1703 1191 1703 1191 1703 1194 1703 1194 1703 1194 1703 1197 1703 1197 1703 1233 1720 1253 1700 1253 1700 1256 1700 1256 1700 1256 1700 1259 1700 1259 1700 1263 1700 1263 1700 1416 1716 1464 1720 1481 1713 1526 1694 1526 1694 1529 1694 1529 1694 1529 1694 1533 1694 1533 1694 1536 1694 1595 1710 1598 1710 1601 1710 1686 1690 1686 1690 1686 1690 1689 1690 2122 1697 2128 1772 2132 1794 2086 1817 2086 1817 2086 1817 2083 1817 2083 1817 2083 1817 2080 1817 2080 1817 1972 1801 1943 1824 1943 1824 1940 1824 1940 1824 1936 1824 1936 1824 1936 1824 1933 1824 1653 1807 1461 1811 1438 1833 1438 1833 1435 1833 1435 1833 1435 1833 1432 1833 1432 1833 1432 1833 1429 1833 1246 1820 1100 1840 1100 1840 1096 1840 1096 1840 1096 1840 1093 1840 1093 1840 1090 1840 1057 1820 1012 1843 1012 1843 1012 1843 1009 1843 1009 1843 1009 1846 891 1846 888 1843 888 1843 885 1843 885 1843 885 1843 882 1843 882 1843 862 1824 820 1846 820 1846 820 1846 817 1846 817 1846 813 1846 813 1846 813 1846 810 1846 742 1827 703 1846 703 1846 703 1846 699 1846 699 1846 699 1846 696 1846 696 1846 693 1846 624 1830 598 1850 595 1850 595 1850 595 1850 592 1850 592 1850 592 1850 390 1856 387 1856 387 1856 231 1833"/></Shape>
	    <String CONTENT="ẽ et in uerbis scę scripturę. prudentia &amp; sensus . Siquis ergo"
                    HPOS="221"
                    VPOS="1690"
                    WIDTH="1911"
                    HEIGHT="166"></String>
          </TextLine>

          
          
          <TextLine ID="eSc_line_e7e11123"
                    TAGREFS="LT501"
                    BASELINE="234 1918 2171 1879" 
                    HPOS="231"
                    VPOS="1801"
                    WIDTH="1940"
                    HEIGHT="150">
            <Shape><Polygon POINTS="234 1918 231 1840 377 1853 432 1833 436 1833 436 1833 439 1833 439 1833 442 1833 442 1833 442 1833 452 1833 540 1850 651 1830 657 1830 657 1830 657 1830 660 1830 670 1830 872 1843 953 1824 957 1824 960 1824 960 1824 963 1824 992 1824 1350 1833 1383 1814 1383 1814 1386 1814 1386 1814 1386 1814 1389 1814 1389 1814 1393 1814 1393 1814 1406 1814 1516 1830 1552 1811 1555 1811 1555 1811 1555 1811 1559 1811 1559 1811 1559 1811 1562 1811 1562 1811 1575 1811 1679 1827 1705 1807 1705 1807 1708 1807 1708 1807 1708 1807 1712 1807 1712 1807 1712 1807 1715 1807 1738 1807 1881 1820 1904 1804 1904 1804 1904 1804 1907 1804 1907 1804 1910 1804 1910 1804 1910 1804 1914 1804 1914 1804 1923 1804 2021 1817 2161 1801 2171 1879 2167 1905 1682 1934 1679 1934 1679 1934 1679 1934 1598 1918 1591 1918 1585 1918 1526 1937 1523 1937 1523 1937 1523 1937 1520 1937 1520 1937 1416 1921 1406 1921 1402 1921 1363 1941 1363 1941 1363 1941 1360 1941 1360 1941 1357 1941 1357 1941 1249 1928 1152 1944 1152 1944 1152 1944 1149 1944 1149 1944 1145 1944 1145 1944 1145 1944 1113 1928 1110 1928 1106 1928 1041 1947 1038 1947 1038 1947 1038 1947 1035 1947 1035 1947 927 1931 917 1931 911 1931 852 1951 849 1951 849 1951 846 1951 231 1944"/></Shape>
	    <String CONTENT="animũ suum ita intendat in singula uerba psalmodie : sic*"
                    HPOS="231"
                    VPOS="1801"
                    WIDTH="1940"
                    HEIGHT="150"></String>
          </TextLine>

          
          
          <TextLine ID="eSc_line_bef02619"
                    TAGREFS="LT501"
                    BASELINE="244 2022 1110 2012 2174 1973" 
                    HPOS="237"
                    VPOS="1892"
                    WIDTH="1937"
                    HEIGHT="176">
            <Shape><Polygon POINTS="244 2022 237 1964 361 1937 361 1937 361 1937 364 1937 364 1937 367 1937 367 1937 410 1954 478 1934 481 1934 481 1934 481 1934 485 1934 485 1934 598 1951 605 1951 611 1951 777 1928 777 1928 781 1928 781 1928 914 1941 921 1941 930 1941 1096 1918 1096 1918 1100 1918 1100 1918 1197 1934 1217 1934 1276 1931 1588 1905 1591 1905 1591 1905 1591 1905 1595 1905 1595 1905 1598 1905 1621 1921 1624 1921 1640 1918 1744 1902 1744 1902 1748 1902 1748 1902 1748 1902 1751 1902 1793 1915 1806 1918 1816 1915 1852 1898 1852 1898 1855 1898 1855 1898 1855 1898 1858 1898 1858 1898 1861 1898 1861 1898 1861 1898 1891 1911 1897 1915 2034 1915 2047 1908 2070 1892 2073 1892 2073 1892 2076 1892 2076 1892 2076 1892 2080 1892 2080 1892 2167 1905 2174 1973 2171 2022 2044 2006 1959 2029 1949 2029 1946 2029 1946 2029 1943 2029 1943 2029 1920 2029 1816 2019 1533 2035 1331 2045 1328 2045 1328 2045 1328 2045 1292 2038 1223 2025 1087 2042 976 2055 976 2055 973 2055 973 2055 917 2045 878 2038 787 2048 706 2055 706 2055 703 2055 703 2055 660 2048 611 2042 566 2051 488 2068 488 2068 488 2068 485 2068 485 2068 481 2068 429 2055 406 2048 244 2055"/></Shape>
	    <String CONTENT="gustus intentus ẽ in discretione saporis ciboꝝ . iste ẽ qui"
                    HPOS="237"
                    VPOS="1892"
                    WIDTH="1937"
                    HEIGHT="176"></String>
          </TextLine>

          
          
          <TextLine ID="eSc_line_7db88696"
                    TAGREFS="LT501"
                    BASELINE="231 2133 2187 2084" 
                    HPOS="221"
                    VPOS="1999"
                    WIDTH="1966"
                    HEIGHT="182">
            <Shape><Polygon POINTS="231 2133 221 2064 266 2045 266 2045 270 2045 270 2045 270 2045 273 2045 273 2045 276 2045 335 2061 351 2064 530 2064 543 2055 585 2035 585 2035 585 2035 589 2035 589 2035 589 2035 768 2032 771 2032 771 2032 774 2032 826 2048 849 2055 888 2048 934 2038 934 2038 934 2038 937 2038 1080 2042 1197 2045 1210 2038 1249 2019 1249 2019 1249 2019 1253 2019 1253 2019 1253 2019 1256 2019 1256 2019 1259 2019 1324 2035 1354 2042 1393 2035 1484 2016 1484 2016 1484 2016 1487 2016 1487 2016 1568 2029 1588 2032 1598 2029 1647 2009 1647 2009 1650 2009 1650 2009 1650 2009 1653 2009 1653 2009 1656 2009 1725 2025 1725 2025 1728 2025 1774 2006 1774 2006 1777 2006 1777 2006 1780 2006 1780 2006 1780 2006 1861 2022 1881 2029 2014 2029 2031 2019 2067 1999 2067 1999 2067 1999 2070 1999 2070 1999 2070 1999 2073 1999 2073 1999 2180 2016 2187 2084 2180 2133 1953 2123 1848 2139 1848 2139 1848 2139 1845 2139 1845 2139 1842 2139 1842 2139 1793 2123 1588 2146 1588 2146 1585 2146 1585 2146 1582 2146 1582 2146 1533 2129 1419 2129 1396 2152 1396 2152 1393 2152 1393 2152 1393 2152 1389 2152 1389 2152 1386 2152 891 2149 751 2168 751 2168 751 2168 748 2168 748 2168 748 2168 624 2152 491 2175 491 2175 491 2175 488 2175 488 2175 488 2175 361 2159 231 2181"/></Shape>
	    <String CONTENT="pleuit . ꝙ đr . Psallite sapienter . Bonum ẽ corde semꝑ"
                    HPOS="221"
                    VPOS="1999"
                    WIDTH="1966"
                    HEIGHT="182"></String>
          </TextLine>

          
          
          <TextLine ID="eSc_line_fcdb1bf9"
                    TAGREFS="LT501"
                    BASELINE="240 2237 1038 2233 2154 2198" 
                    HPOS="231"
                    VPOS="2120"
                    WIDTH="1923"
                    HEIGHT="162">
            <Shape><Polygon POINTS="240 2237 231 2178 283 2155 283 2155 286 2155 286 2155 286 2155 289 2155 289 2155 292 2155 292 2155 332 2172 348 2155 348 2152 348 2152 351 2152 351 2152 351 2152 354 2152 354 2152 358 2152 358 2152 514 2168 517 2168 520 2168 576 2152 579 2152 579 2152 579 2152 582 2152 774 2162 807 2162 813 2162 859 2139 859 2139 862 2139 862 2139 862 2139 865 2139 865 2139 979 2155 986 2155 986 2155 1025 2136 1025 2136 1025 2136 1028 2136 1028 2136 1031 2136 1031 2136 1031 2136 1035 2136 1083 2152 1093 2155 1103 2152 1152 2133 1152 2133 1155 2133 1155 2133 1155 2133 1552 2126 1555 2126 1555 2126 1627 2136 1669 2142 1692 2136 1731 2120 1731 2120 1735 2120 1735 2120 1738 2120 2148 2123 2154 2198 2148 2240 2109 2224 1956 2243 1933 2246 1933 2246 1930 2246 1930 2246 1914 2246 1829 2233 1754 2250 1744 2250 1744 2250 1744 2250 1741 2250 1741 2250 1738 2250 1738 2250 1738 2250 1695 2233 1617 2253 1608 2253 1608 2253 1608 2253 1604 2253 1604 2253 1601 2253 1598 2253 1533 2237 1399 2256 1376 2259 1376 2259 1373 2259 1373 2259 1373 2259 1370 2259 1363 2259 1321 2246 1184 2263 1168 2263 1168 2263 1165 2263 1165 2263 1162 2263 1162 2263 1162 2263 1162 2263 1158 2263 1132 2246 1015 2266 1009 2266 1009 2266 1005 2266 1005 2266 1005 2266 1002 2266 1002 2266 1002 2266 960 2250 944 2266 944 2269 944 2269 944 2269 940 2269 940 2269 940 2269 937 2269 937 2269 934 2269 882 2269 530 2259 240 2282"/></Shape>
	    <String CONTENT="num ẽ et sono uocis . eciam đm sp*ualib hymnis glorificare"
                    HPOS="231"
                    VPOS="2120"
                    WIDTH="1923"
                    HEIGHT="162"></String>
          </TextLine>

          
          
          <TextLine ID="eSc_line_60ce1534"
                    TAGREFS="LT501"
                    BASELINE="231 2347 1100 2337 2187 2298" 
                    HPOS="221"
                    VPOS="2214"
                    WIDTH="1966"
                    HEIGHT="169">
            <Shape><Polygon POINTS="231 2347 221 2272 498 2253 501 2253 501 2253 504 2253 504 2253 530 2263 540 2266 553 2259 582 2250 582 2250 585 2250 585 2250 585 2250 589 2250 589 2250 644 2259 716 2269 888 2269 911 2250 911 2250 911 2250 914 2250 914 2250 917 2250 917 2250 917 2250 921 2250 921 2250 930 2250 1022 2263 1044 2246 1057 2237 1061 2237 1061 2237 1061 2237 1064 2237 1064 2237 1064 2237 1067 2237 1067 2237 1067 2237 1103 2243 1168 2259 1311 2237 1350 2233 1350 2233 1354 2233 1354 2233 1383 2237 1481 2250 1552 2230 1582 2224 1585 2224 1585 2224 1588 2224 1588 2224 1588 2224 1591 2224 1614 2230 1676 2246 1744 2230 1748 2230 1748 2230 1751 2230 1751 2230 1751 2230 1754 2230 1803 2243 1878 2220 1894 2217 1897 2217 1897 2217 1897 2217 1901 2217 1901 2217 1904 2217 1917 2220 1979 2237 2024 2217 2031 2214 2031 2214 2034 2214 2034 2214 2037 2214 2180 2214 2187 2298 2187 2341 1471 2341 1409 2350 1344 2363 1344 2363 1344 2363 1168 2367 1165 2367 1165 2367 1162 2367 1162 2367 1162 2367 1158 2367 1145 2357 1136 2350 1116 2357 1077 2370 1074 2370 1074 2370 1074 2370 1070 2370 947 2360 904 2357 891 2360 852 2376 852 2376 849 2376 849 2376 849 2376 846 2376 644 2363 608 2363 605 2367 595 2380 592 2380 592 2383 592 2383 589 2383 589 2383 589 2383 585 2383 585 2383 582 2383 227 2370"/></Shape>
	    <String CONTENT="Nihil ẽ sola uoce canere sine cordis intentione . Sed sicut apl*s"
                    HPOS="221"
                    VPOS="2214"
                    WIDTH="1966"
                    HEIGHT="169"></String>
          </TextLine>

          
          
          <TextLine ID="eSc_line_7e8f380c"
                    TAGREFS="LT501"
                    BASELINE="244 2448 1110 2445 2167 2396" 
                    HPOS="237"
                    VPOS="2324"
                    WIDTH="1930"
                    HEIGHT="166">
            <Shape><Polygon POINTS="244 2448 237 2396 494 2386 517 2367 517 2367 520 2367 520 2367 520 2367 524 2367 524 2367 527 2367 527 2367 527 2367 530 2367 530 2367 569 2383 572 2383 585 2383 690 2363 690 2363 690 2363 693 2363 852 2370 901 2373 904 2370 921 2357 921 2354 921 2354 924 2354 924 2354 924 2354 927 2354 927 2354 927 2354 930 2354 1057 2363 1103 2367 1113 2360 1132 2347 1136 2347 1136 2347 1136 2347 1139 2347 1139 2347 1139 2347 1142 2347 1142 2347 1145 2347 1145 2347 1178 2360 1191 2363 1214 2357 1272 2344 1276 2344 1276 2344 1279 2344 1386 2350 1461 2357 1474 2347 1487 2337 1487 2337 1490 2337 1490 2337 1490 2337 1494 2337 1494 2337 1497 2337 1682 2341 1874 2344 1897 2334 1907 2324 1910 2324 1910 2324 1910 2324 1914 2324 1914 2324 1917 2324 1917 2324 1917 2324 1920 2324 1943 2331 1979 2341 2158 2324 2167 2396 2167 2428 572 2490 569 2490 569 2490 566 2490 504 2474 494 2474 244 2481"/></Shape>
	    <String CONTENT="ait . cantantes in cordib* urĩs. hoc ẽ non solum uoce s* corde"
                    HPOS="237"
                    VPOS="2324"
                    WIDTH="1930"
                    HEIGHT="166"></String>
          </TextLine>

          
          
          <TextLine ID="eSc_line_72590590"
                    TAGREFS="LT501"
                    BASELINE="237 2552 1100 2546 2174 2494" 
                    HPOS="227"
                    VPOS="2409"
                    WIDTH="1947"
                    HEIGHT="192">
            <Shape><Polygon POINTS="237 2552 227 2471 390 2468 393 2468 393 2468 397 2468 397 2468 397 2468 400 2468 429 2487 520 2487 566 2461 566 2461 566 2461 569 2461 569 2461 569 2461 572 2461 572 2461 670 2477 725 2461 729 2461 729 2461 729 2461 732 2461 732 2461 826 2474 875 2451 875 2451 875 2451 878 2451 878 2451 882 2451 882 2451 1025 2468 1126 2442 1126 2442 1129 2442 1129 2442 1132 2442 1132 2442 1136 2442 1328 2458 1357 2438 1360 2438 1360 2438 1360 2438 1363 2438 1363 2438 1367 2438 1367 2438 1367 2438 1370 2438 1370 2438 1370 2438 1373 2438 1373 2438 1393 2455 1523 2455 1559 2428 1562 2428 1562 2428 1562 2428 1565 2428 1565 2428 1568 2428 1568 2428 1702 2445 1728 2425 1728 2422 1728 2422 1731 2422 1731 2422 1731 2422 1735 2422 1735 2422 1735 2422 1738 2422 1738 2422 1741 2422 1874 2438 2164 2409 2174 2494 2174 2516 2080 2536 2080 2536 2080 2536 2076 2536 1901 2529 1865 2529 1861 2533 1845 2546 1845 2549 1845 2549 1842 2549 1842 2549 1842 2549 1839 2549 1839 2549 1835 2549 1835 2549 1835 2549 1832 2549 1832 2549 1832 2549 1803 2533 1800 2533 1643 2533 1585 2542 1438 2565 1438 2565 1435 2565 1158 2562 1057 2562 1035 2568 996 2578 992 2578 992 2578 989 2578 989 2578 989 2578 986 2578 986 2578 966 2572 953 2562 944 2572 940 2578 937 2578 937 2581 937 2581 934 2581 934 2581 934 2581 930 2581 930 2581 927 2581 729 2581 338 2578 237 2601"/></Shape>
	    <String CONTENT="psallentes. Unde et alibi . Psallam spũ . psallam et mente Sic*"
                    HPOS="227"
                    VPOS="2409"
                    WIDTH="1947"
                    HEIGHT="192"></String>
          </TextLine>

          
          
          <TextLine ID="eSc_line_8b49ff2a"
                    TAGREFS="LT501"
                    BASELINE="244 2653 1087 2653 2174 2607" 
                    HPOS="237"
                    VPOS="2513"
                    WIDTH="1937"
                    HEIGHT="179">
            <Shape><Polygon POINTS="244 2653 237 2591 354 2565 354 2565 354 2565 358 2565 358 2565 361 2565 361 2565 413 2585 416 2585 419 2585 533 2562 533 2562 533 2562 537 2562 537 2562 540 2562 540 2562 540 2562 543 2562 569 2581 572 2581 725 2581 732 2575 771 2559 771 2559 774 2559 774 2559 774 2559 777 2559 1126 2565 1181 2565 1188 2565 1227 2539 1230 2539 1230 2539 1230 2539 1233 2539 1233 2539 1236 2539 1236 2539 1236 2539 1240 2539 1311 2562 1321 2562 1331 2559 1396 2542 1399 2542 1399 2542 1402 2542 1402 2542 1402 2542 1406 2542 1451 2555 1461 2559 1468 2555 1523 2529 1523 2529 1526 2529 1526 2529 1526 2529 1614 2526 1617 2526 1617 2526 1728 2539 1751 2523 1754 2523 1754 2523 1754 2523 1757 2523 1757 2523 1757 2523 2008 2516 2011 2516 2011 2516 2011 2516 2014 2516 2014 2516 2060 2536 2128 2513 2132 2513 2132 2513 2132 2513 2135 2513 2135 2513 2135 2513 2138 2513 2138 2513 2138 2513 2141 2513 2174 2536 2174 2607 2174 2637 2109 2656 2106 2656 2106 2656 2106 2656 2102 2656 2102 2656 2099 2656 2099 2656 2057 2640 2034 2633 2008 2643 1962 2656 1959 2656 1959 2656 1959 2656 1956 2656 1956 2656 1956 2656 1901 2643 1874 2640 1487 2643 1412 2656 1295 2676 1295 2676 1292 2676 875 2672 875 2672 875 2672 738 2692 738 2692 735 2692 240 2685"/></Shape>
	    <String CONTENT="orationib* remi*. ita psalmoꝝ studiis delectam*. Psallendi"
                    HPOS="237"
                    VPOS="2513"
                    WIDTH="1937"
                    HEIGHT="179"></String>
          </TextLine>

          
          
          <TextLine ID="eSc_line_d79dca0d"
                    TAGREFS="LT501"
                    BASELINE="244 2763 1002 2760 2161 2711" 
                    HPOS="237"
                    VPOS="2633"
                    WIDTH="1924"
                    HEIGHT="160">
            <Shape><Polygon POINTS="244 2763 237 2685 364 2705 436 2679 442 2679 445 2679 445 2679 445 2679 449 2679 478 2679 712 2695 748 2676 755 2669 758 2669 758 2669 761 2669 761 2669 761 2669 764 2669 764 2669 764 2669 787 2672 865 2692 999 2669 1012 2669 1012 2669 1015 2669 1015 2669 1015 2669 1018 2669 1022 2669 1064 2685 1080 2669 1080 2666 1083 2666 1083 2663 1083 2663 1087 2663 1087 2663 1087 2663 1090 2663 1090 2663 1093 2663 1093 2663 1093 2663 1096 2663 1096 2663 1096 2663 1106 2669 1136 2682 1217 2666 1236 2663 1236 2663 1240 2663 1399 2663 1663 2663 1676 2656 1708 2640 1708 2640 1708 2640 1712 2640 1712 2640 1715 2640 1715 2640 1835 2653 1888 2659 1907 2653 1959 2633 1959 2633 1962 2633 1962 2633 1962 2633 1966 2633 2154 2650 2161 2711 2158 2754 2037 2737 1796 2760 1796 2760 1793 2760 1793 2760 1793 2760 1731 2747 1653 2767 1617 2773 1617 2773 1617 2773 1614 2773 1614 2773 1611 2773 1585 2767 1536 2754 1461 2770 1406 2780 1406 2780 1406 2780 244 2793"/></Shape>
	    <String CONTENT="enĩ utilitas tristia corda consolat*. gratiores mentes facit."
                    HPOS="237"
                    VPOS="2633"
                    WIDTH="1924"
                    HEIGHT="160"></String>
          </TextLine>

          
          
          <TextLine ID="eSc_line_4d59ccea"
                    TAGREFS="LT501"
                    BASELINE="247 2871 1132 2864 2190 2819" 
                    HPOS="240"
                    VPOS="2734"
                    WIDTH="1950"
                    HEIGHT="185">
            <Shape><Polygon POINTS="247 2871 240 2786 478 2780 481 2780 481 2780 485 2780 485 2780 485 2780 488 2780 488 2780 514 2796 654 2780 712 2773 712 2773 716 2773 716 2773 719 2773 719 2773 719 2773 722 2773 722 2773 722 2776 725 2780 745 2796 865 2780 865 2780 869 2780 869 2780 869 2780 937 2793 1184 2773 1331 2760 1334 2760 1497 2767 1621 2773 1637 2767 1673 2750 1673 2750 1676 2750 1676 2750 1676 2750 1679 2750 1679 2750 1679 2750 1682 2750 1682 2750 1682 2750 1686 2750 1705 2763 1708 2770 1715 2763 1731 2750 1731 2750 1735 2750 1735 2750 1735 2750 1738 2750 1738 2750 1741 2750 1741 2750 1741 2750 1796 2760 1858 2737 1858 2737 1861 2737 1861 2737 1865 2737 1865 2737 1865 2737 1868 2737 1868 2737 1914 2757 1966 2734 1966 2734 1969 2734 1969 2734 1969 2734 1972 2734 1972 2734 1975 2734 1975 2734 2040 2760 2044 2760 2180 2760 2190 2819 2190 2848 706 2906 703 2906 703 2906 699 2906 699 2906 699 2906 696 2906 696 2906 693 2903 677 2890 608 2906 582 2910 582 2910 582 2910 579 2910 543 2906 410 2893 371 2913 364 2916 364 2916 364 2916 361 2916 361 2916 361 2919 247 2919"/></Shape>
	    <String CONTENT="fastidiosos oblectat . inertes exsuscitat . peccatores ad lam*ta"
                    HPOS="240"
                    VPOS="2734"
                    WIDTH="1950"
                    HEIGHT="185"></String>
          </TextLine>

          
          
          <TextLine ID="eSc_line_fbff1c88"
                    TAGREFS="LT501"
                    BASELINE="247 2981 1289 2975 1764 2946 2216 2936" 
                    HPOS="240"
                    VPOS="2854"
                    WIDTH="1980"
                    HEIGHT="153">
            <Shape><Polygon POINTS="247 2981 240 2916 530 2887 530 2887 533 2887 533 2887 537 2887 537 2887 537 2887 579 2906 579 2906 582 2906 699 2890 699 2890 703 2890 703 2890 804 2903 813 2903 817 2903 836 2884 836 2880 836 2880 839 2880 839 2880 839 2880 843 2880 843 2880 843 2880 846 2880 846 2880 849 2880 849 2880 849 2880 852 2880 882 2900 882 2900 885 2900 1064 2880 1064 2880 1067 2880 1067 2880 1067 2880 1070 2880 1116 2897 1116 2897 1119 2897 1142 2874 1142 2871 1142 2871 1145 2871 1145 2871 1145 2871 1149 2871 1149 2871 1152 2871 1152 2871 1152 2871 1155 2871 1223 2893 1227 2893 1497 2893 1516 2887 1627 2861 1627 2861 1627 2861 1630 2861 1630 2861 1630 2861 1725 2877 1757 2861 1757 2861 1757 2861 1761 2861 1761 2861 1761 2861 1764 2861 1764 2861 1845 2874 1865 2858 1865 2858 1868 2858 1868 2858 1868 2858 1871 2858 1871 2858 1871 2858 2021 2854 2024 2854 2102 2854 2102 2854 2102 2854 2106 2854 2106 2854 2106 2854 2109 2854 2109 2858 2128 2874 2138 2880 2207 2874 2216 2936 2220 2962 2171 2981 2171 2981 2167 2981 2167 2981 2167 2981 2164 2981 2164 2981 2083 2968 2050 2991 2047 2991 2047 2991 2047 2991 2044 2991 2044 2991 2044 2991 2040 2991 2040 2991 1914 2972 1884 2991 1881 2991 1881 2991 1881 2991 1878 2991 1878 2991 1874 2991 1874 2991 1874 2991 1871 2991 1816 2972 1816 2972 1813 2972 1761 2991 1761 2991 1757 2991 1757 2991 1754 2991 1754 2991 1637 2975 1624 2975 1588 2975 1197 3007 1194 3007 244 3004"/></Shape>
	    <String CONTENT="inuitat . Nam quãuis dura sint carnaliũ corda saltim ut"
                    HPOS="240"
                    VPOS="2854"
                    WIDTH="1980"
                    HEIGHT="153"></String>
          </TextLine>

          
          
          <TextLine ID="eSc_line_1818f274"
                    TAGREFS="LT501"
                    BASELINE="250 3072 1018 3085 2207 3050" 
                    HPOS="244"
                    VPOS="2962"
                    WIDTH="1963"
                    HEIGHT="146">
            <Shape><Polygon POINTS="250 3072 244 3001 481 2988 485 2988 485 2988 485 2988 488 2988 488 2988 488 2988 491 2988 498 2994 537 3020 605 3020 660 2991 667 2988 667 2988 667 2988 670 2988 670 2988 673 2988 673 2988 673 2988 677 2988 677 2988 677 2988 680 2988 683 2991 719 3017 843 3017 904 2991 904 2991 908 2991 908 2991 911 2991 911 2991 911 2991 914 2991 914 2991 960 3011 1243 3011 1481 2975 1513 2972 1513 2972 1516 2972 1516 2972 1536 2975 1630 2991 1699 2972 1705 2968 1708 2968 1708 2968 1708 2968 1712 2968 1748 2968 2018 2988 2197 2962 2207 3050 2203 3092 2057 3076 2037 3092 2037 3095 2037 3095 2037 3095 2034 3095 2034 3095 2034 3095 2031 3095 2031 3095 2027 3095 2027 3095 2008 3095 1852 3079 1728 3095 1708 3098 1708 3098 1705 3098 1663 3098 1481 3085 1461 3098 1455 3105 1455 3105 1451 3105 1451 3105 1451 3105 1448 3105 1448 3105 1448 3108 250 3108"/></Shape>
	    <String CONTENT="dulcedo psalmi insonuerit . ad affectum pietatis animũ"
                    HPOS="244"
                    VPOS="2962"
                    WIDTH="1963"
                    HEIGHT="146"></String>
          </TextLine>

          
          
          <TextLine ID="eSc_line_a7b48c07"
                    TAGREFS="LT501"
                    BASELINE="253 3183 1145 3189 1770 3160 2184 3160" 
                    HPOS="244"
                    VPOS="3072"
                    WIDTH="1940"
                    HEIGHT="150">
            <Shape><Polygon POINTS="253 3183 244 3108 309 3089 312 3089 312 3089 312 3089 315 3089 315 3089 319 3089 319 3089 319 3089 322 3089 345 3105 374 3124 436 3124 458 3102 468 3095 468 3095 472 3095 472 3095 472 3095 475 3095 475 3095 478 3095 478 3095 478 3095 514 3102 598 3121 696 3098 755 3085 755 3085 755 3085 758 3085 758 3085 758 3085 761 3085 761 3085 787 3098 833 3118 1142 3102 1145 3102 1145 3102 1308 3115 1451 3111 1471 3092 1471 3089 1471 3089 1474 3089 1474 3089 1474 3089 1477 3089 1477 3089 1481 3089 1481 3089 1481 3089 1572 3105 1640 3082 1656 3076 1656 3076 1660 3076 1660 3076 1663 3076 1663 3076 1708 3079 1816 3092 1959 3076 1969 3076 1969 3076 1972 3076 1972 3076 1972 3076 1975 3076 1975 3076 1975 3076 1979 3076 1979 3076 1979 3076 1998 3092 2024 3076 2024 3072 2024 3072 2027 3072 2027 3072 2031 3072 2031 3072 2031 3072 2034 3072 2034 3072 2037 3072 2044 3072 2106 3092 2174 3072 2184 3160 2180 3180 1575 3193 1539 3212 1539 3212 1539 3212 1536 3212 1536 3212 1536 3212 1533 3212 1347 3199 1315 3215 1315 3215 1315 3215 1311 3215 1311 3215 1311 3215 709 3219 706 3219 706 3219 644 3206 621 3202 615 3209 602 3219 602 3219 598 3219 598 3219 598 3219 595 3219 595 3219 595 3219 442 3222 439 3222 439 3222 361 3212 276 3199 260 3212"/></Shape>
	    <String CONTENT="eoꝝ inflectit. Dum xp*anum n* uocis modulatio s* tantũ"
                    HPOS="244"
                    VPOS="3072"
                    WIDTH="1940"
                    HEIGHT="150"></String>
          </TextLine>

          
          
          <TextLine ID="eSc_line_501762aa"
                    TAGREFS="LT501"
                    BASELINE="257 3287 1028 3303 2180 3271" 
                    HPOS="253"
                    VPOS="3189"
                    WIDTH="1927"
                    HEIGHT="160">
            <Shape><Polygon POINTS="257 3287 253 3212 426 3212 426 3212 426 3212 429 3212 429 3212 429 3212 475 3235 494 3212 494 3212 494 3209 494 3209 498 3209 498 3209 498 3209 498 3209 501 3209 501 3209 504 3209 504 3209 504 3209 507 3209 507 3209 589 3235 748 3235 914 3232 996 3202 999 3202 1002 3202 1002 3202 1002 3202 1005 3202 1022 3202 1249 3225 1289 3199 1289 3199 1292 3199 1292 3199 1292 3199 1295 3199 1295 3199 1295 3199 1298 3199 1298 3199 1302 3199 1305 3199 1389 3222 1474 3199 1477 3199 1477 3199 1477 3199 1477 3199 1481 3199 1481 3199 1481 3199 1598 3215 1754 3196 1780 3193 1780 3193 1783 3193 1783 3193 1783 3193 1787 3193 1787 3193 1790 3193 1790 3193 1790 3196 1790 3196 1816 3215 1946 3193 1956 3193 1956 3193 1959 3193 1959 3193 1972 3193 2138 3209 2164 3189 2180 3271 2171 3323 2132 3303 1852 3303 1809 3323 1796 3329 1796 3329 1793 3329 1793 3329 1793 3329 1790 3329 1790 3329 1754 3323 1673 3310 1604 3323 1575 3329 1575 3329 1575 3329 1572 3329 1572 3329 1568 3329 1568 3329 1555 3323 1513 3310 1383 3326 1256 3339 1256 3339 1253 3339 1253 3339 1165 3326 1103 3316 986 3326 755 3345 751 3345 751 3345 628 3329 530 3345 530 3345 530 3345 527 3345 527 3345 524 3345 524 3345 524 3345 520 3345 520 3345 498 3326 498 3326 494 3326 432 3349 432 3349 429 3349 429 3349 426 3349 426 3349 253 3326"/></Shape>
	    <String CONTENT="uerba diuina quę ibi dicuntur debeant cõmouere. ne"
                    HPOS="253"
                    VPOS="3189"
                    WIDTH="1927"
                    HEIGHT="160"></String>
          </TextLine>

          
        </TextBlock>
        
        <TextBlock HPOS="2391"
                   VPOS="1093"
                   WIDTH="149"
                   HEIGHT="149"
                   ID="eSc_textblock_6cd16ce7"
                   TAGREFS="BT1468">
          <Shape><Polygon POINTS="2391 1093 2391 1242 2540 1242 2540 1093"/></Shape>
          
          
          <TextLine ID="eSc_line_711dca8a"
                    TAGREFS="LT501"
                    BASELINE="2417 1176 2505 1170" 
                    HPOS="2402"
                    VPOS="1053"
                    WIDTH="101"
                    HEIGHT="179">
            <Shape><Polygon POINTS="2415 1173 2402 1060 2490 1053 2503 1167 2503 1232 2415 1222"/></Shape>
	    <String CONTENT="II"
                    HPOS="2402"
                    VPOS="1053"
                    WIDTH="101"
                    HEIGHT="179"></String>
          </TextLine>

          
        </TextBlock>
        
        <TextBlock HPOS="111"
                   VPOS="1063"
                   WIDTH="224"
                   HEIGHT="195"
                   ID="eSc_textblock_fdf9cb5c"
                   TAGREFS="BT1469">
          <Shape><Polygon POINTS="111 1063 111 1258 335 1258 335 1063"/></Shape>
          
        </TextBlock>
        

        
      </PrintSpace>
    </Page>
  </Layout>
</alto>
