2351 3777
324 214 1579 154 et uino quinos scõ baptimate regeneratos

324 330 1576 161 filios suos affecit defiliis diaboli. Om*s enim

311 456 1627 151 fuimus filii irae usq: dumds* per suam miseri

321 563 1651 154 cordiam nosmundauit apeccatis. sr*s mei uide

308 701 1658 120 tis adqualem dignitatem nos addux* ds*. ut nrãe

318 783 1667 136 naturae corpus sibi sumeret utfieret cumeoun

302 881 1645 154 filiusdĩ. idẽ ds* homofilius dĩ . Nonconsentia

299 994 1724 145 mus inimiconr*o diabolo utnos tanta dignitate

305 1092 1696 163 priuare possit. quodille cotidiefestinat facere

308 1205 1696 164 ꝑ odia et dissensiones. et inimicitias et luxorias

296 1315 1654 158 et neglegentiã mandatorumdĩ. iram inuidiam

296 1422 1667 145 cõmes sationes. aebrietates.furta falsatestimo

296 1523 1698 151 nia eet cetera tali a haec sunt quibusnos uilt se

293 1646 1686 166 parare aregnodĩ et abispsodn*o quinos tantũ dilet

296 1759 1642 164 ut ꝓnobis dignaretur nonsolum homofieri sed

293 1872 1692 151 etiam moripronobis. Nosaut* frr* resistamus

302 1982 1677 133 eifortiter cũdĩ adiutorio et diligamus nos in

305 2093 1683 135 uicem Sienim inuicem diligimus nullamala

293 2184 1676 160 inter nos faciemus sedunusquis; facit alteriqđ

299 2297 1588 180 ei prodẽe scit . Ita agenter et dõ placebimus

289 2442 1693 154 et scĩs angeliseius et ad illam pacem ꝑuenie

286 2549 1737 173 mus quam hodie illimundo portabant dicentes.

283 2678 1160 170 pax hominib; bone uoluntatis.

2079 147 67 32 5
